@article{yarlagadda2000gps,
  title={{GPS GDOP metric}},
  author={Yarlagadda, R and Ali, I and Al-Dhahir, N and Hershey, J},
  journal={IEE Proceedings-radar, sonar and navigation},
  volume={147},
  number={5},
  pages={259--264},
  year={2000},
  publisher={IET}
}

@ARTICLE{5310316, 
author={J. W. Betz and K. R. Kolodziejski}, 
journal={IEEE Transactions on Aerospace and Electronic Systems}, 
title={{Generalized Theory of Code Tracking with an Early-Late Discriminator Part I: Lower Bound and Coherent Processing}}, 
year={2009}, 
volume={45}, 
number={4}, 
pages={1538-1556},
doi={10.1109/TAES.2009.5310316}, 
ISSN={0018-9251}, 
month={Oct}}

@article{presti2009gnss,
  title={{GNSS signal acquisition in the presence of sign transition}},
  author={Presti, Letizia Lo and Zhu, Xuefen and Fantino, Maurizio and Mulassano, Paolo},
  journal={IEEE Journal of Selected Topics in Signal Processing},
  volume={3},
  number={4},
  pages={557--570},
  year={2009},
  publisher={IEEE}
}

@book{subirana2013gnss,
  title={{GNSS Data Processing: Fundamentals and Algorithms}},
  author={Subirana, Jaime Sanz and Hernandez-Pajares, Manuel and Jos℗ e Miguel Juan Zornoza},
  year={2013},
  publisher={European Space Agency}
}

@article{vila2017plls,
  title={{Are PLLs dead? A tutorial on kalman filter-based techniques for digital carrier synchronization}},
  author={Vila-Valls, Jordi and Closas, Pau and Navarro, Monica and Fernandez-Prades, Carles},
  journal={IEEE Aerospace and Electronic Systems Magazine},
  volume={32},
  number={7},
  pages={28--45},
  year={2017},
  publisher={IEEE}
}

@ARTICLE{6153154, 
author={G. Seco-Granados and J. López-Salcedo and D. Jiménez-Baños and G. López-Risueño}, 
journal={IEEE Signal Processing Magazine}, 
title={{Challenges in Indoor Global Navigation Satellite Systems: Unveiling its core features in signal processing}}, 
year={2012}, 
volume={29}, 
number={2}, 
pages={108-131}, 
doi={10.1109/MSP.2011.943410}, 
ISSN={1053-5888}, 
month={March}}

@article{falletti2010carrier,
  title={Are carrier-to-noise algorithms equivalent in all situations?},
  author={Falletti, Emanuela and Pini, Marco and Lo Presti, Letizia},
  journal={INSIDE GNSS},
  pages={20--27},
  year={2010},
  publisher={Eugene, Ore. Gibbons Media \& Research}
}

@article{ioannides2016known,
  title={Known vulnerabilities of global navigation satellite systems, status, and potential mitigation techniques},
  author={Ioannides, Rigas Themistoklis and Pany, Thomas and Gibbons, Glen},
  journal={Proceedings of the IEEE},
  volume={104},
  number={6},
  pages={1174--1194},
  year={2016},
  publisher={IEEE}
}

@article{borio2016impact,
  title={{Impact and detection of GNSS jammers on consumer grade satellite navigation receivers}},
  author={Borio, Daniele and Dovis, Fabio and Kuusniemi, Heidi and Presti, Letizia Lo},
  journal={Proceedings of the IEEE},
  volume={104},
  number={6},
  pages={1233--1245},
  year={2016},
  publisher={IEEE}
}

@Book{GNSS_MR,
 author = {},
 title = {GNSS market report},
 publisher = {European Commission Publications Office},
 year = {2015},
 address = {City},
 isbn = {978-92-9206-013-8}
 }

@INPROCEEDINGS{GNSS-SDR11,
 AUTHOR = {C.~{Fern\'{a}ndez--Prades} and J.~Arribas and P.~Closas
           and C.~Avil\'{e}s and L.~Esteve},
 TITLE = {{GNSS-SDR}: An Open Source Tool For Researchers and Developers},
 BOOKTITLE = {Proc. of the ION GNSS 2011 Conference},
 YEAR = {2011},
 address = {Portland, Oregon},
 month = {Sept.}
}

@ARTICLE{Vila17c,
author={J. Vil\`a-Valls and P. Closas and M. Navarro and C. Fern\'andez-Prades},  
journal={IEEE Aerospace \& Electronic Systems Magazine}, 
title={Are {PLL}s Dead? {A} Tutorial on {K}alman Filter-based Techniques for Digital Carrier Synchronization}, 
month = {July},
year={2017}
}

@INPROCEEDINGS{Vila17d,
 AUTHOR = {Vil\`a-Valls, Jordi and Fern{\'a}ndez-Prades, Carles and Closas, Pau and Arribas, Javier},
 TITLE = {Noise Statistics Estimation Techniques for Robust GNSS Carrier Tracking},
 BOOKTITLE = {Proc. of the ION GNSS+},
 YEAR = {2017},
 MONTH = {Sept.},
 DAY = {25--29}
}

@INPROCEEDINGS{Vila-14a,
  AUTHOR =       {J. Vil\`a-Valls and P. Closas and C. Fern\'andez-Prades},
  TITLE =        {On the Identifiability of Noise Statistics and Adaptive {KF} Design for Robust {GNSS} Carrier Tracking},
  BOOKTITLE =    {Proc. of the {IEEE} Aerospace Conference},
  YEAR =  {2015},
  month = {March}
}

@INPROCEEDINGS{Vila-14b,
  AUTHOR =       {J. Vil`a-Valls and P. Closas and C. Fern\'andez-Prades},
  TITLE =        {Advanced {KF}-based Methods for {GNSS} Carrier Tracking and Ionospheric Scintillation Mitigation},
  BOOKTITLE =    {Proc. of the {IEEE} Aerospace Conference},
  YEAR =  {2015},
  month = {March}
}

@ARTICLE{Dunik17a,
author={J. Dun\'ik and O. Straka and O. Kost and J. Havl\'ik},
journal={Int. J. Adapt. Control Signal Process.},
title={{Noise covariance matrices in state-space models: A survey and comparison of estimation methods--Part I}},
month={July},
year = {2017}}


@ARTICLE{Myer-76,
  AUTHOR =       {K.~A.~Myers and B.~D.~Tapley},
  TITLE =        {Adaptive sequential estimation with unknown noise statistics},
  JOURNAL =      {IEEE Trans. on {A}utomatic {C}ontrol},
  YEAR =         {1976},
  volume =       {21},
number= {8},
  pages =   {520--523}
}

@ARTICLE{Odel-06a,
  AUTHOR =       {B.~J.~Odelson and M.~R.~Rajamani and J.~B.~Rawlings},
  TITLE =        {A new autocovariance least--square method for estimating noise covariances},
  JOURNAL =      {Automatica},
  YEAR =         {2006},
  volume =       {42},
number= {2},
  pages =   {303--308}
}

@ARTICLE{Odel-06b,
  AUTHOR =       {B.~J.~Odelson and M.~R.~Rajamani and J.~B.~Rawlings},
  TITLE =        {The autocovariance least--square method for estimating covariances: application to model--based control of chemical reactors},
  JOURNAL =      {IEEE Trans. on {C}ontrol {S}ystem {T}echnology},
  YEAR =         {2006},
  volume =       {14},
number= {3},
  pages =   {532--540}
}

@BOOK{Best-07,
AUTHOR    = {R.~E.~Best},
TITLE     = {Phase Locked Loops: Design, Simulation, and Applications},
PUBLISHER = {McGraw-Hill Professional},
YEAR      = {2010},
edition   = {6th},
address   = {New York, USA}
}

@INPROCEEDINGS{Fant-12,
 AUTHOR = {S. Fantinato and D. Rovelli and P. Crosta},
 TITLE = {The switching carrier tracking loop under severe ionospheric scintillation},
 BOOKTITLE = {Proc. of NAVITEC},
 YEAR = {2012},
  month = {Dec.}
}
@INPROCEEDINGS{Ward-98,
 AUTHOR = {P. W. Ward},
 TITLE = {Performance comparison between {FLL}, {PLL} and a novel {FLL}-assisted {PLL} carrier tracking loop under RF interference conditions},
 BOOKTITLE = {Proc. of the ION GPS},
 YEAR = {1998},
  month = {Sept.}
}
@INPROCEEDINGS{Leg00,
 AUTHOR = {F. Legrand and C. Macabiau},
 TITLE = {Improvement of pseudorange measurements accuracy by using fast adaptive bandwidth lock loops},
 BOOKTITLE = {Proc. of the ION GPS},
 YEAR = {2000},
 pages = {2346-2356},
  month = {Sept.}
}
@article{vila18,
title={On the Ionospheric Scintillation Mitigation in Advanced GNSS Receivers},
DOI={10.1109/taes.2018.2798480},
journal={IEEE Transactions on Aerospace and Electronic Systems},
author={Vila-Valls, Jordi and Closas, Pau and Fernandez-Prades, Carles and Curran, James T.},
year={2018},
pages={1–1}}

@ARTICLE{Pata-99,
  AUTHOR =       {A. Patapoutian},
  TITLE =        {On phase-locked loops and {K}alman filters},
  JOURNAL =      {IEEE Trans. on Communications},
  YEAR =         {1999},
  Month = {May},
  pages = {670-672},
  volume = {47},
  number = {5}
}

@book{Bernardo09,
  title={Bayesian theory},
  author={Bernardo, Jos{\'e} M and Smith, Adrian FM},
  volume={405},
  year={2009},
  publisher={John Wiley \& Sons}
}

@article{murphy07,
author = {Murphy, Kevin},
year = {2007},
month = {11},
pages = {},
title = {Conjugate Bayesian analysis of the Gaussian distribution}
}

@ARTICLE{Myer-76,
  AUTHOR =       {K.~A.~Myers and B.~D.~Tapley},
  TITLE =        {Adaptive sequential estimation with unknown noise statistics},
  JOURNAL =      {IEEE Trans. on {A}utomatic {C}ontrol},
  YEAR =         {1976},
  volume =       {21},
number= {8},
  pages =   {520--523}
}